<?xml version="1.0" encoding="UTF-8"?><collection xmlns="http://www.loc.gov/MARC21/slim"><record><leader>00583nam--2200181-u-4500</leader><controlfield tag="001">000056251</controlfield><controlfield tag="002">20161230</controlfield><controlfield tag="005">20161230201052</controlfield><controlfield tag="008">150213s1000------------r-----000-0-eng-d</controlfield><datafield ind1=" " ind2=" " tag="040"><subfield code="a">IFIN-HH</subfield></datafield><datafield ind1=" " ind2=" " tag="080"><subfield code="a">53</subfield></datafield><datafield ind1="1" ind2=" " tag="100"><subfield code="a">Marshak, R. E</subfield></datafield><datafield ind1="1" ind2="0" tag="245"><subfield code="a">Interscience monographs and texts in physics and astronomy. vol. xxvi. algebraic methods in statistical mechanics and quantum field theory</subfield><subfield code="c">R.e. marshak (ed.) gerard g. emch</subfield></datafield><datafield ind1=" " ind2=" " tag="260"><subfield code="a">New York</subfield><subfield code="b">Wiley-interscience</subfield><subfield code="c">1972</subfield></datafield><datafield ind1=" " ind2=" " tag="300"><subfield code="a">XIV+333P</subfield></datafield><datafield ind1="1" ind2=" " tag="700"><subfield code="a">Emch, Gerard G</subfield></datafield><datafield ind1=" " ind2=" " tag="852"><subfield code="a">15588</subfield><subfield code="c">53</subfield></datafield><datafield ind1=" " ind2=" " tag="CAT"><subfield code="a">Sys</subfield><subfield code="c">20150213</subfield><subfield code="h">201059</subfield></datafield></record></collection>